@misc{C++,
    title = "{C++, GNU 12.3}",
    author = "{The Free Software Foundation}",
    howpublished = "\url{https://gcc.gnu.org/onlinedocs/gcc-12.3.0/gcc/}",
    year = {Accessed: October 2023},
}
@misc{Armadillo,
    title = "{Armadillo C++ Library"}",
    author = {Dr. Conrad Sanderson and Dr. Ryan Curtin},
    howpublished = "\url{https://arma.sourceforge.net/docs.html}",
    year = {Accessed: October 2023},
}

@book{ESL,
  author = {Trevor Hastie and Robert Tibshirani and Jerome Friedman},
  editor = {},
  publisher = {Springer New York, NY},
  title = {The Elements of Statistical Learning},
  year = {2009}
}
@misc{PythonSoftware,
    title = {Python 3.11.4 documentation},
    author = "{Python Software Foundation}",
    howpublished = "\url{https://docs.python.org/3.11/}",
    year = {Accessed: October 2023},
}
@book{Python,
 author = {Guido Van Rossum Guido and Fred L. Drake},
 title = {Python 3 Reference Manual},
 year = {2009},
 isbn = {1441412697},
 publisher = {CreateSpace},
 address = {Scotts Valley, CA}
}
@misc{Numpy,
    title = "{NumPy v1.22 Manual}",
    author = "{NumPy Developers}",
    howpublished = "\url{https://numpy.org/doc/stable/}",
    year = {Accessed: October 2023},
}
@misc{Matplotlib,
    title = "{Matplotlib: Visualization with Python}",
    author = "{Matplotlib Development Team}",
    howpublished = "\url{https://matplotlib.org/stable/index.html}",
    year = {Accessed: October 2023},
}
@misc{Scipy,
    title = "{SciPy v1.8.0 Reference Guide}",
    author = "{SciPy Community}",
    howpublished = "\url{https://docs.scipy.org/doc/scipy/reference/}",
    year = {Accessed: October 2023},
}

@misc{VSCode,
    title = "{Visual Studio Code}",
    author = {Microsoft},
    howpublished = "\url{https://code.visualstudio.com/docs}",
    year = {Accessed: October 2023},
}
@misc{Copilot,
    title = "{GitHub Copilot}",
    author = {Microsoft},
    howpublished = "\url{https://copilot.github.com/}",
    year = {Accessed: October 2023},
}
@misc{Git,
    title = {Git},
    author = {Junio Hamano},
    howpublished = "\url{https://git-scm.com/doc}",
    year = {Accessed: October 2023},
}
@misc{GitHub,
    title = "{GitHub}",
    author = {Microsoft},
    howpublished = "\url{https://docs.github.com/en}",
    year = {Accessed: February 2025},
}
@misc{json,
    title = {nlohmann/json},
    author = {Niels Lohmann},
    howpublished = "\url{https://json.nlohmann.me/}",
    year = {Accessed: November 2023},
}
@article{ST,
  author          = {Swati Gavas and Jasjeet Bagla and Nishikanta Khandai and Girish Kulkarni},
  journal         = {\href{https://doi.org/10.1093/mnras/stad935}{Monthly Notices of the Royal Astronomical Society}},
  number          = {4},
  title           = {Halo mass function in scale invariant models},
  volume          = {521},
  year            = {2023},
  pages           = {5960-5971},
}
@misc{projectnotes,
  author       = {Sijing Shen},
  publisher    = {Institute of Theoretical Astrophysics, University of Oslo},
  title        = {AST4320 numerical project: an N-body simulation of structure formation},
  year         = {Accessed: October 2024},
}
@article{camb1,
  author          = {Antony Lewis and Anthony Challinor},
  journal         = {\href{https://ui.adsabs.harvard.edu/abs/2011ascl.soft02026L/abstract}{Astrophysics Source Code Library, record ascl:1102.026}},
  title           = "{CAMB: Code for Anisotropies in the Microwave Background}",
  year            = {2011},
}
@article{camb2,
  author          = {Antony Lewis and Anthony Challinor and Anthony Lasenby},
  journal         = {\href{https://doi.org/10.1086/309179}{The Astrophysical Journal}},
  number          = {2},
  title           = "{Efficient Computation of Cosmic Microwave Background Anisotropies in Closed Friedmann-Robertson-Walker Models}",
  volume          = {538},
  year            = {2000},
  pages           = {473-476},
}
@misc{Course,
  title           = "{Cosmology II - A course on the formation of the cosmic microwave background and structures in the Universe}",
  author          = {Hans Arnold Winther and Hans Kristian Eriksen and Øystein Elgarøy and David Fonseca Mota and Håvard Ihle},
  howpublished    = "\url{https://cmb.wintherscoming.no}",
  year            = {Accessed: June 2025},
}
@article{Planck,
  author          = {{Planck Collaboration} and Nabila Aghanim and Yashar Akrami and {et al.}},
  journal         = {\href{https://doi.org/10.1051/0004-6361/201833910}{Astronomy \& Astrophysics}},
  number          = {A6},
  title           = "{Planck 2018 results VI. Cosmological parameters}",
  volume          = {641},
  year            = {2020},
}
@article{lensing,
  author          = {{Planck Collaboration} and Nabila Aghanim and Yashar Akrami and {et al.}},
  journal         = {\href{https://doi.org/10.1051/0004-6361/201833886}{Astronomy \& Astrophysics}},
  number          = {A8},
  title           = "{Planck 2018 results VIII. Gravitational lensing}",
  volume          = {641},
  year            = {2020},
}
@article{JWST,
  author          = {Adam G. Reiss and Dan Scolnic and Gagandeep S. Anand and {et al.}},
  journal         = {\href{https://doi.org/10.3847/1538-4357/ad8c21}{The Astrophysical Journal}},
  number          = {1},
  title           = "{JWST Validates HST Distance Measurements: Selection of Supernova Subsample Explains Differences in JWST Estimates of Local $H_0$}",
  volume          = {977},
  year            = {2024},
  pages           = {120-137},
}
@article{tensions,
  author          = {Marina Cortês and Andrew R. Liddle},
  journal         = {\href{https://doi.org/10.1093/mnrasl/slae030}{Monthly Notices of the Royal Astronomical Society}},
  number          = {1},
  title           = "{On dataset tensions and signatures of new cosmological physics}",
  volume          = {531},
  year            = {2024},
  pages           = {L52-L56},
}
@article{tumlinson2017circumgalactic,
  author          = {Jason Tumlinson and Molly S. Peeples and Jessica K. Werk},
  journal         = {\href{https://doi.org/10.1146/annurev-astro-091916-055240}{Annual Review of Astronomy and Astrophysics}},
  title           = "{The Circumgalactic Medium}",
  volume          = {55},
  year            = {2017},
  pages           = {389-432},
}
@article{nelson2020cold,
  author          = {Dylan Nelson and Prateek Sharma and Annalisa Pillepich and {et. al.}},
  journal         = {\href{https://doi.org/10.1093/mnras/staa2419}{Monthly Notices of the Royal Astronomical Society}},
  number          = {2},
  title           = "{Resolving small-scale cold circumgalactic gas in TNG50}",
  volume          = {498},
  year            = {2020},
  pages           = {2391-2414},
}
@article{Helium,
  author          = {Arghyadeep Basu and Enrico Garaldi and Benedetta Ciardi},
  journal         = {\href{https://doi.org/10.1093/mnras/stae1488}{Monthly Notices of the Royal Astronomical Society}},
  number          = {1},
  title           = "{Helium reionization from empirical quasar luminosity functions before and after JWST}",
  volume          = {532},
  year            = {2024},
  pages           = {841-852},
}
@misc{Chi2,
  title           = "{Chi-squared distribution table with sigma values}",
  author          = {Robert Reid},
  howpublished    = "\url{https://www.reid.ai/2012/09/chi-squared-distribution-table-with.html}",
  year            = {Accessed: February 2025},
}
@article{Gorski2005,
  author          = {K. M. Górski and E. Hivon and Anthony J. Banday and {et al.}},
  journal         = {\href{https://doi.org/10.1086/427976}{The Astrophysical Journal}},
  number          = {2},
  title           = "{HEALPix: A Framework for High-Resolution Discretization and Fast Analysis of Data Distributed on the Sphere}",
  volume          = {622},
  year            = {2005},
  pages           = {759-771},
}
@misc{HEALPix,
  title           = "{HEALPix: Data Analysis, Simulations and Visualization on the Sphere}",
  author          = {Krzystof. M. Górski and Eric Hivon and Anthony J. Banday and {et al.}},
  howpublished    = "\url{http://healpix.sourceforge.net}",
  year            = {Accessed: June 2025},
}
@misc{PlanckPR3,
  title           = "{Planck Public Data Release 3 Mission Ancillary Data}",
  author          = {{Planck Collaboration}},
  publisher       = {IPAC},
  howpublished    = {\url{https://doi.org/10.26131/IRSA559}},
  year            = {2020},
}
@article{Wigner,
  author          = {G. Prézeau and M. Reinecke},
  journal         = {\href{https://doi.org/10.1088/0067-0049/190/2/267}{The Astrophysical Journal Supplement Series}},
  number          = {2},
  title           = "{ALGORITHM FOR THE EVALUATION OF REDUCED WIGNER MATRICES}",
  volume          = {190},
  year            = {2010},
  pages           = {267-274},
}
@article{LOS,
  author          = {Uros Seljak and Matias Zaldarriaga},
  journal         = {\href{https://doi.org/10.1086/177793}{The Astrophysical Journal}},
  number          = {2},
  title           = "{A Line-of-Sight Integration Approach to Cosmic Microwave Background Anisotropies}",
  volume          = {469},
  year            = {1996},
  pages           = {437-444},
}
@misc{Callin,
  author          = {Petter Callin},
  title           = "{How to calculate the CMB spectrum}",
  year            = {2006},
  eprint          = {astro-ph/0606683},
  archivePrefix   = {arXiv},
  primaryClass    = {astro-ph},
  note            = {\href{https://doi.org/10.48550/arXiv.astro-ph/0606683}{arXiv:astro-ph/0606683}}
}
@article{LewisChallinor,
  author          = {Antony Lewis and Anthony Challinor},
  journal         = {\href{https://doi.org/10.1016/j.physrep.2006.03.002}{Physics Reports}},
  number          = {1},
  title           = "{Weak gravitational lensing of the CMB}",
  volume          = {429},
  year            = {2006},
  pages           = {1-65},
}